[gd_scene load_steps=9 format=3 uid="uid://cwxkj1k3d7ver"]

[ext_resource type="Texture2D" uid="uid://drqeapdka21mk" path="res://screens/main_menu/assets/sprites/Background_2.png" id="1_hfkaa"]
[ext_resource type="Script" path="res://screens/main_menu/parallax_background.gd" id="1_hk5v2"]
[ext_resource type="Script" path="res://screens/main_menu/main_menu.gd" id="1_jlkdg"]
[ext_resource type="Texture2D" uid="uid://bgrj1eocvo8bh" path="res://screens/main_menu/assets/sprites/Background_1.png" id="2_5jr1o"]
[ext_resource type="PackedScene" uid="uid://luwjguchhfh0" path="res://worlds/world1/world1.tscn" id="2_lw1ie"]
[ext_resource type="Resource" uid="uid://jl0owx0gq47u" path="res://runtime_data.tres" id="3_5cgkb"]
[ext_resource type="Theme" uid="uid://bhamme0w3hvkd" path="res://common/themes/default.tres" id="4_dqx7o"]
[ext_resource type="Texture2D" uid="uid://bik826bswbdv5" path="res://common/assets/logo.png" id="4_glv8d"]

[node name="MainMenu" type="Control"]
layout_mode = 3
anchors_preset = 0
script = ExtResource("1_jlkdg")
load_world = ExtResource("2_lw1ie")
_runtime_data = ExtResource("3_5cgkb")
metadata/_edit_horizontal_guides_ = [619.0]
metadata/_edit_vertical_guides_ = [85.0, 1195.0]

[node name="ParallaxBackground" type="ParallaxBackground" parent="."]
scale = Vector2(2.7, 2.7)
transform = Transform2D(2.7, 0, 0, 2.7, 0, 0)
script = ExtResource("1_hk5v2")

[node name="ParallaxLayer" type="ParallaxLayer" parent="ParallaxBackground"]
motion_mirroring = Vector2(496, 0)

[node name="Background2" type="Sprite2D" parent="ParallaxBackground/ParallaxLayer"]
texture = ExtResource("1_hfkaa")
centered = false

[node name="ParallaxLayer2" type="ParallaxLayer" parent="ParallaxBackground"]
motion_scale = Vector2(0.7, 1)
motion_mirroring = Vector2(496, 0)

[node name="Background1" type="Sprite2D" parent="ParallaxBackground/ParallaxLayer2"]
texture = ExtResource("2_5jr1o")
centered = false

[node name="Buttons" type="VBoxContainer" parent="."]
layout_mode = 1
anchors_preset = 2
anchor_top = 1.0
anchor_bottom = 1.0
offset_left = 88.0
offset_top = 480.0
offset_right = 318.0
offset_bottom = 637.0
grow_vertical = 0
theme = ExtResource("4_dqx7o")

[node name="Start" type="Button" parent="Buttons"]
layout_mode = 2
text = "Start game"

[node name="Settings" type="Button" parent="Buttons"]
layout_mode = 2
text = "Settings"

[node name="Quit" type="Button" parent="Buttons"]
layout_mode = 2
text = "Quit"

[node name="Logo" type="Sprite2D" parent="."]
position = Vector2(908, 458)
scale = Vector2(2.22712, 2.22712)
texture = ExtResource("4_glv8d")

[connection signal="pressed" from="Buttons/Start" to="." method="_on_start_pressed"]
[connection signal="pressed" from="Buttons/Settings" to="." method="_on_settings_pressed"]
[connection signal="pressed" from="Buttons/Quit" to="." method="_on_quit_pressed"]
