[gd_scene format=3 uid="uid://bffoa73ihc1gw"]

[node name="Panel" type="PanelContainer"]
offset_right = 167.0
offset_bottom = 146.0

[node name="Controls" type="GridContainer" parent="."]
layout_mode = 2
columns = 2

[node name="Arrows" type="Label" parent="Controls"]
layout_mode = 2
text = " ← → ↑ ↓ "

[node name="Movement" type="Label" parent="Controls"]
layout_mode = 2
text = "Movement"

[node name="Z" type="Label" parent="Controls"]
layout_mode = 2
text = "Z"

[node name="Jump" type="Label" parent="Controls"]
layout_mode = 2
text = "Jump"

[node name="X" type="Label" parent="Controls"]
layout_mode = 2
text = "X"

[node name="Attack" type="Label" parent="Controls"]
layout_mode = 2
text = "Attack"

[node name="C" type="Label" parent="Controls"]
layout_mode = 2
text = "C"

[node name="Use" type="Label" parent="Controls"]
layout_mode = 2
text = "Use"

[node name="D" type="Label" parent="Controls"]
layout_mode = 2
text = "D"

[node name="Debug" type="Label" parent="Controls"]
layout_mode = 2
text = "Debug"

[node name="Shift" type="Label" parent="Controls"]
layout_mode = 2
text = "Shift"

[node name="Sprint" type="Label" parent="Controls"]
layout_mode = 2
text = "Sprint"

[node name="Esc" type="Label" parent="Controls"]
layout_mode = 2
text = "Esc"

[node name="Quit" type="Label" parent="Controls"]
layout_mode = 2
text = "Quit"
